@manual{bib:naming,
       author = {ESS-0000757},
       title   = {ESS Naming Convention}
}
