@manual{MRFEVENTSYSTEMDC,
       author = {Technical Reference, MRF },
       title   = {Event System with Delay Compensation Technical Reference Firmware 0207},
       year    = {9 February 2017}
}

@manual{empcieeevr300dc,
       author = {Javier Cereijo Garcia, Jeong Han Lee},
       title   = {ICS Engineering Manual for MRF PCIe-EVR-300}
}

@manual{emmtcaevr300,
       author = {Javier Cereijo Garcia, Jeong Han Lee},
       title   = {ICS Engineering Manual for MRF MTCA-EVR-300}
}

@manual{EVRUSAGEGUIDE,
       author = {Michael Davidsaver},
       title   = {EVR Usage Guide},
       year    = {August 2017, Rev. 8}
}

@manual{MRFKERNELDRIVER,
       author = {Jukka Pietarinen},
       title   = {CompactPCI Event Generator and Event Receiver Linux Kernel 2.6 Drivers},
       year    = {13 March 2007}
}
