
@misc{MRFIOC2,
title={{ESS MRFIOC2 source repository}},
year={2016},
note={\\\url{https://bitbucket.org/europeanspallationsource/m-epics-mrfioc2} (accessed July 7, 2016)}
}




@manual{MRFEVENTSYSTEMDC,
       author = {Technical Reference, MRF },
       title   = {Event System with Delay Compensation Technical Reference Firmware 0205},
       year    = {April 26, 2016}
}



@manual{EVR-USER-GUIDE,
       author = {Michael Davidsaver},
       title   = {EVR User Guide},
       year    = {August, 2015},
       url       = "http://epics.sourceforge.net/mrfioc2/evr-usage.pdf"
}https://confluence.esss.lu.se/display/HAR/NAT-MCH-PHYS+Technical+HowToS#NAT-MCH-PHYSTechnicalHowToS-WebInterface


@misc{NATMCHWEBINTERFACE,
title={{NAT-MCH-PHYS Technical HowTos}},
note={\\\url{https://confluence.esss.lu.se/display/HAR/NAT-MCH-PHYS+Technical+HowToS#NAT-MCH-PHYSTechnicalHowToS-WebInterface} (accessed March 20, 2018)}
}


@misc{EVRMANUAL,
author = {Javier Cereijo Garcia, Jeong Han Lee, ESS },
title={{ICS Engineering Manual for MRF MTCA-EVR-300}},
year={February 8, 2017}
}
